@article{hu2016entangled,
  title={Entangled active matter: From cells to ants},
  author={Hu, DL and Phonekeo, S and Altshuler, E and Brochard-Wyart, F},
  journal={The European Physical Journal Special Topics},
  volume={225},
  number={4},
  pages={629--649},
  year={2016},
  publisher={Springer}
}

